@inproceedings{MeshCourse07,
 author = {Mario Botsch and Mark Pauly and Leif Kobbelt and Pierre Alliez and Bruno L\'{e}vy and Stephan Bischoff and Christian R\"{o}ssl},
 title = {Geometric modeling based on polygonal meshes},
 booktitle = {SIGGRAPH '07: ACM SIGGRAPH 2007 courses},
 year = {2007},
 pages = {1},
 location = {San Diego, California},
 doi = {http://doi.acm.org/10.1145/1281500.1281640},
 publisher = {ACM},
 address = {New York, NY, USA},
 }

@InProceedings{Meyer02,
  author = {Mark Meyer and Mathieu Desbrun and Peter Schr\"{o}der and Alan H. Barr},
  title = {Discrete Differential-Geometry Operators for Triangulated 2-Manifolds},
  booktitle = {VisMath},
  year = {2002},
  address = {Berlin, Germany},
  url = {http://www-grail.usc.edu/pubs/DMSB_III.pdf}
}

@Article{itkQE,
 title = {{itkQuadEdgeMesh}: A Discrete Orientable 2-Manifold Data Structure for Image Processing},
 author = {Alexandre Gouaillard and Leonardo Florez-Valencia and Eric Boix},
 year = {2006},
 month = {July-December},
 journal = {Insight Journal},
 note = {\url{http://hdl.handle.net/1926/306}}
 }

@Article{itkDelaunayConform,
 title = {Triangular Meshes Delaunay Conforming Filter},
 author = {Arnaud Gelas and Alexandre Gouaillard and Sean Megason},
 year = {2008},
 month = {July-December},
 journal = {Insight Journal},
 note = {\url{http://hdl.handle.net/1926/1489}}
 }